@article{Demsar2016BalancedMixture,
    title = {{A Balanced Mixture of Antagonistic Pressures Promotes the Evolution of Parallel Movement}},
    year = {2016},
    journal = {Scientific Reports},
    author = {Dem{\v{s}}ar, Jure and {\v{S}}trumbelj, Erik and Lebar Bajec, Iztok},
    volume = {6},
    doi = {10.1038/srep39428}
}

@article{Demsar2017LinguisticEvolution,
    title = {{Evolution of Collective Behaviour in an Artificial World Using Linguistic Fuzzy Rule-Based Systems}},
    year = {2017},
    journal = {PLoS ONE},
    author = {Dem{\v{s}}ar, Jure and Lebar Bajec, Iztok},
    number = {1},
    pages = {1--20},
    volume = {12},
    doi = {10.1371/journal.pone.0168876}
}

@book{gee2014introduction,
  title={An introduction to discourse analysis: Theory and method},
  author={Gee, James Paul},
  year={2014},
  publisher={routledge}
}

@article{li2305chatgpt,
  title={ChatGPT in education: A discourse analysis of worries and concerns on social media. arXiv 2023},
  author={Li, L and Ma, Z and Fan, L and Lee, S and Yu, H and Hemphill, L},
  journal={arXiv preprint arXiv:2305.02201}
}

@article{pham2023topicgpt,
  title={TopicGPT: A prompt-based topic modeling framework},
  author={Pham, Chau Minh and Hoyle, Alexander and Sun, Simeng and Iyyer, Mohit},
  journal={arXiv preprint arXiv:2311.01449},
  year={2023}
}


@article{llm2023analysis,
  title={Assessing the potential of LLM-assisted annotation for corpus-based pragmatics and discourse analysis},
  author={Yu, D, Li, L, Su, H & Fuoli, M},
  journal={International Journal of Corpus Linguistics},
  year={2023}
}